<?xml version="1.0" encoding="UTF-8"?><collection xmlns="http://www.loc.gov/MARC21/slim"><record><leader>00443nam--2200121-i-4500</leader><controlfield tag="001">000011804</controlfield><controlfield tag="002">20161230</controlfield><controlfield tag="005">20161230201029</controlfield><controlfield tag="008">060222s1000------------r-----000-0-eng-d</controlfield><datafield ind1=" " ind2=" " tag="080"><subfield code="a">62.52(08)</subfield></datafield><datafield ind1=" " ind2=" " tag="245"><subfield code="a">Aplicatii ale conceptelor actuale in stiinta sistemelor. sesiune de comunicari stiintifice. (15-16 noiembrie 1974). probleme de automatza re</subfield></datafield><datafield ind1=" " ind2=" " tag="260"><subfield code="a">Bucuresti, Editura Academiei Republicii Socia Liste Romania, 1976. 280 P</subfield></datafield><datafield ind1=" " ind2=" " tag="852"><subfield code="a">43585</subfield></datafield></record></collection>